<record><leader>00000cas a22000007a 4500</leader><controlfield tag="001">16572319</controlfield><controlfield tag="008">870827d18841894iauwr ne      0    0eng d</controlfield><datafield ind1=" " ind2=" " tag="010"><subfield code="a">sn 87057614 </subfield></datafield><datafield ind1=" " ind2=" " tag="040"><subfield code="a">INP</subfield><subfield code="b">eng</subfield><subfield code="c">INP</subfield><subfield code="d">OCLCQ</subfield></datafield><datafield ind1=" " ind2=" " tag="042"><subfield code="a">msc</subfield></datafield><datafield ind1="0" ind2="0" tag="245"><subfield code="a">Iowa index.</subfield></datafield><datafield ind1=" " ind2=" " tag="260"><subfield code="a">Hull, Sioux County, Iowa :</subfield><subfield code="b">A.C. Satterlee,</subfield><subfield code="c">-1894.</subfield></datafield><datafield ind1=" " ind2=" " tag="300"><subfield code="a">v.</subfield></datafield><datafield ind1=" " ind2=" " tag="310"><subfield code="a">Weekly</subfield></datafield><datafield ind1="1" ind2=" " tag="362"><subfield code="a">Began in 1884.</subfield></datafield><datafield ind1="0" ind2=" " tag="362"><subfield code="a">-15th year, no. 51 (Apr. 27, 1894).</subfield></datafield><datafield ind1=" " ind2=" " tag="500"><subfield code="a">Publisher varies.</subfield></datafield><datafield ind1=" " ind2=" " tag="515"><subfield code="a">Issues for May 12 and July 21, 1893 misdated May 21 and July 12, 1893, respectively.</subfield></datafield><datafield ind1=" " ind2=" " tag="588"><subfield code="a">Description based on: 13th year, no. 36 (Jan. 8, 1892).</subfield></datafield><datafield ind1=" " ind2=" " tag="752"><subfield code="a">United States</subfield><subfield code="b">Iowa</subfield><subfield code="c">Sioux</subfield><subfield code="d">Hull.</subfield></datafield><datafield ind1="0" ind2="0" tag="780"><subfield code="t">Pattersonville index</subfield></datafield><datafield ind1="0" ind2="0" tag="785"><subfield code="t">Hull index</subfield><subfield code="w">(DLC)sn 87057615</subfield></datafield></record>